Name,Price per Unit,Price per Measure,Promo,Stock
Thatchers Gold 10 x 440ml,£9,£2.05 per litre,Buy 2 for £16,In stock
Kopparberg Alcohol Free Mixed Fruit Bottle 500ml,£1.30,£2.60 per litre,Buy 3 for £3,In stock
Kopparberg Mixed Fruit Cider Cans 12 x 330ml,£9.99,£2.52 per litre,"Offer price £9.99, was £14.46",In stock
Magners Original Cider Cans 18 x 440ml,£9.99,£1.27 per litre,"Offer price £9.99, was £12",In stock
Kopparberg Pear Alcohol Free Cider Bottle 500ml,£1.30,£2.60 per litre,Buy 3 for £3,In stock
Aspall Suffolk Premier Cru Cyder 500ml,£2,£4.00 per litre,Buy 3 for £5,In stock
Kopparberg Strawberry & Lime Cider Bottle 500ml,£2.30,£4.60 per litre,Buy 3 for £5,In stock
Henry Westons Vintage Cider Bottle 500ml,£2,£4.00 per litre,Buy 3 for £5,In stock
Brothers Toffee Apple Premium Cider Bottle 500ml,£2.30,£4.60 per litre,Buy 3 for £5,In stock
Aspall Draught Cyder 500ml,£2,£4.00 per litre,Buy 3 for £5,In stock
Old Mout Cider Berries & Cherries Bottle 500ml,£2.30,46p per 100ml,Buy 3 for £5,In stock
Thatchers Katy 500ml,£2,£4.00 per litre,Buy 3 for £5,In stock
Kopparberg Mixed Fruits Cider Bottle 500ml,£2.30,£4.60 per litre,Buy 3 for £5,In stock
Rekorderlig Premium Swedish Strawberry-Lime Cider 500ml,£2.30,£4.60 per litre,Buy 3 for £5,In stock
Kopparberg Strawberry & Lime Cider Cans 12 x 330ml,£9.99,£2.52 per litre,"Offer price £9.99, was £14.46",In stock
Kopparberg Pear Cider Bottle 500ml,£2.30,£4.60 per litre,Buy 3 for £5,In stock
Strongbow Original Cider Cans 12 x 440ml,£11,£2.08 per litre,Buy 2 for £16,In stock
Rekorderlig Premium Wild Berries Cider 500ml,£2.30,£4.60 per litre,Buy 3 for £5,In stock
Strongbow Dark Fruit Cider Cans 15 x 440ml,£13,£1.97 per litre,"Offer price £13, was £15",In stock
Thatchers Vintage Cider 500ml,£2,£4.00 per litre,Buy 3 for £5,In stock
Bulmers Crushed Red Berries & Lime Cider Bottle 500ml,£2.30,£4.60 per litre,Buy 3 for £5,In stock
Strongbow Dark Fruit Cider Cans 10 x 440ml,£10,£2.28 per litre,"Offer price £10, was £10.50",In stock
Kopparberg Premium Cider Cherry 500ml,£2.30,£4.60 per litre,Buy 3 for £5,In stock
Stowford Press Draught Cider Bottle 500ml,£2,£4.00 per litre,Buy 3 for £5,In stock
Frome Valley Henney's Dry Cider 500ml,£1.80,£3.60 per litre,Buy 3 for £5,In stock
Kopparberg Elderflower & Lime Cider 500ml,£2.30,£4.60 per litre,Buy 3 for £5,In stock
Aspall Harry Sparrow Cyder 500ml,£2,£4.00 per litre,Buy 3 for £5,In stock
Kopparberg Raspberry 500ml,£2.30,£4.60 per litre,Buy 3 for £5,In stock
Old Mout Cider Pineapple & Raspberry Cans 10 x 330ml,£11.50,£3.48 per litre,Buy 2 for £16,In stock
Old Mout Cider Kiwi & Lime Cans 10 x 330ml,£11.50,£3.48 per litre,Buy 2 for £16,In stock
Bulmers Original Cider Bottles 8 x 500ml,£10,£2.50 per litre,Buy 2 for £16,In stock
Old Mout Cider Kiwi & Lime Bottle 500ml,£2.30,£4.60 per litre,Buy 3 for £5,In stock
Kopparberg Premium Cider Rose 500ml,£2.17,£4.34 per litre,Buy 3 for £5,In stock
Thatchers Gold 500ml,£2,£4.00 per litre,Buy 3 for £5,In stock
Brothers Rhubarb & Custard English Cider (Abv 4%) 500ml,£2.30,46p per 100ml,Buy 3 for £5,In stock
Strongbow Rose 500ml,£2,£4.00 per litre,Buy 3 for £5,In stock
Henry Westons Cloudy Vintage Cider 500ml,£2,£4.00 per litre,Buy 3 for £5,In stock
Rekorderlig Premium Swedish Peach-Apricot Cider 500ml,£2.30,£4.60 per litre,Buy 3 for £5,In stock
Chaplin & Corks Somerset Cider 500ml,£2,£4.00 per litre,Buy 3 for £5,In stock
Magners Original Cider Bottle 568ml,£2,£3.52 per litre,Buy 3 for £5,In stock
Thatchers Rose Sweet Sparkling Somerset Cider 500ml,£2.30,£4.60 per litre,Buy 3 for £5,In stock
Rekorderlig Premium Swedish Passion Fruit Cider 500ml,£2.30,£4.60 per litre,Buy 3 for £5,In stock
Thatchers Somerset Haze 500ml,£2,£4.00 per litre,Buy 3 for £5,In stock
Brothers Parma Violet English Cider 500ml,£2.20,£4.40 per litre,Buy 3 for £5,In stock
Friels First Press Vintage Cider 500ml,£2,£4.00 per litre,Buy 3 for £5,In stock
Sandford Orchards Devon Red Cider 500ml,£2,£4.00 per litre,Buy 3 for £5,In stock
Rekorderlig Premium Swedish Mango-Raspberry Cider 500ml,£2.30,£4.60 per litre,Buy 3 for £5,In stock
Old Mout Cider Pineapple & Raspberry 500ml,£2.30,£4.60 per litre,Buy 3 for £5,In stock
Chaplin & Corks Somerset Vintage Cider 500ml,£2,£4.00 per litre,Buy 3 for £5,In stock
Henry Westons Aged Finish 500ml,£2,£4.00 per litre,Buy 3 for £5,In stock
Rekorderlig Watermelon-Citrus 500ml,£2.30,£4.60 per litre,Buy 3 for £5,In stock
Cranes Cranberry Cider Raspberry & Pomegranates 500ml,£2.30,£4.60 per litre,Buy 3 for £5,In stock
Bulmers Original Cider Bottle 500ml,£2,£4.00 per litre,Buy 3 for £5,In stock
Thirsty Farmer Premium Nottinghamshire Cider 500ml,£2,£4.00 per litre,Buy 3 for £5,In stock
Kopparberg Premium Cider Passionfruit Light 500ml,£2.30,£4.60 per litre,Buy 3 for £5,In stock
Sandford Orchards Fanny's Bramble Cider 500ml,£2.30,£4.60 per litre,Buy 3 for £5,In stock
Cranes Cranberry Cider Blueberries & Apples 500ml,£2.30,£4.60 per litre,Buy 3 for £5,In stock
Henry Westons Organic Cider 500ml,£2,£4.00 per litre,Buy 3 for £5,In stock
Henry Westons Vintage Rose Cider 500ml,£2.20,£4.40 per litre,Buy 3 for £5,In stock
Cidersmiths Six Point Six Vintage Cider (Abv 6.6%) 500ml,£2,40p per 100ml,Buy 3 for £5,In stock
Sandford Orchards Devon Mist Cider 500ml,£2,£4.00 per litre,Buy 3 for £5,In stock
Cranes Cranberries & Lime Cider 500ml,£2.30,£4.60 per litre,Buy 3 for £5,In stock
Angioletti Reserva Italian Craft Cider (Abv 6.8%) 500ml,£2,£4.00 per litre,Buy 3 for £5,Out of stock
Old Mout Cider Pomegranate & Strawberry 500ml,£2.30,£4.60 per litre,Buy 3 for £5,Out of stock
Red Hog Medium Dry Cider 500ml,£2,£4.00 per litre,Buy 3 for £5,Out of stock
Eskimo Ice Cubes 2kg,89p,44.5p per kg,,In stock
The Ice Co Super Cubes 1kg,£1,£1.00 per kg,,In stock
Strongbow Original Cider 18 x 440ml,£9.99,£1.26 per litre,,In stock
Crumpton Oaks Dry Cider 2L,£2.05,£1.03 per litre,,In stock
Morrisons Medium Dry Cider Bottle 2.5L,£3,£1.20 per litre,,In stock
Morrisons Cider Cans 4 x 440ml,£2,£1.14 per litre,,In stock
Morrisons Low Alcohol Cider Bottle 500ml,£1,£2.00 per litre,,In stock
Symonds Scrumpy Jack Premium British Cider Cans 4 x 440ml,£3.87,£2.20 per litre,,In stock
Henry Westons Vintage Oak Aged Herefordshire Cider 6 x 500ml,£9.75,£3.25 per litre,,In stock
Morrisons Cider Bottle 568ml,£1,£1.76 per litre,,In stock
Thatchers Somerset Haze 4 x 440ml,£4.25,£2.41 per litre,,In stock
Morrisons The Best Vintage Still Cider 2.25L,£4.99,£2.22 per litre,,In stock
Merrydown Original Vintage Apple Cider Bottle 750ml,£2,£2.67 per litre,,In stock
Thatchers Rose Sweet Sparkling Somerset Cider 4 x 440ml,£5.50,£3.13 per litre,,In stock
Strongbow Rose 10 x 440ml,£10,£2.27 per litre,,In stock
Strongbow Cloudy Apple Cider 10 x 440ml,£8,£1.82 per litre,,In stock
Kopparberg Alcohol Free With Mixed Fruit 4 x 330ml,£3,£2.27 per litre,,In stock
Healeys Cyder Rattler Cornish Cloudy Cyder 4 x 330ml,£5,£3.79 per litre,,In stock
Kopparberg Alcohol-Free With Strawberry… 10 x 330ml,£7,21.2p per 100ml,,In stock
Kopparberg Mixed Fruits 4 x 330ml,£5,£3.79 per litre,,In stock
Stowford Press Low Alcohol 4 x 330ml,£3.50,£2.65 per litre,,In stock
Kopparberg Pear Cider 4 x 440ml,£5,£2.84 per litre,,In stock
Thatchers Gold Cider 4.8% 4 x 440ml,£4,£2.27 per litre,,In stock
Strongbow Dark Fruit Cider Cans 4 x 440ml,£5,£2.84 per litre,,In stock
Kopparberg With Strawberry & Lime 4 x 330ml,£5,£3.79 per litre,,In stock
Thatchers Cloudy Lemon 4 x 440ml,£5.50,£3.13 per litre,,In stock
Magners Original Cider Cans 10 x 440ml,£8,£1.82 per litre,,In stock
K Cider Cans 4 x 440ml,£6,£3.41 per litre,,In stock
Strongbow Original Cider 4 x 440ml,£3.85,£2.19 per litre,,In stock
Magners Original Cider Cans 4 x 440ml,£3.75,£2.13 per litre,,In stock
Strongbow Dark Fruit Ultra Low Alcohol Cider Bottles 4 x 330ml,£3,£2.27 per litre,,In stock
Strongbow Rose 4 x 440ml,£5.50,£3.13 per litre,,In stock
Kopparberg Black 4 x 440ml,£6,£3.41 per litre,,In stock
Old Mout Cider Pineapple & Raspberry 6 x 500ml,£9,£3.00 per litre,,In stock
Duralex Conical Pint Tumbler ,£2.50,£2.50 each,,In stock
Strongbow Original Cider 10 x 440ml,£11,£2.50 per litre,,In stock
