Name,Price per Unit,Price per Measure,Promo,Stock
Peroni Nastro Azzurro 12 x 330ml,£12,£3.03 per litre,"Offer price £12, was £16.50",In stock
San Miguel Alcohol Free Lager Beer 4 x 330ml,£3.75,£2.84 per litre,,In stock
Carling Original Lager 18 x 440ml,£9.99,£1.26 per litre,"Offer price £9.99, was £13.50",In stock
Budweiser Lager Beer Bottles 20 x 300ml,£9.99,£1.66 per litre,"Offer price £9.99, was £14",In stock
Stella Artois Premium Lager Beer Cans 10 x 440ml,£10.50,£2.39 per litre,Buy 2 for £16,In stock
Birra Moretti Lager Beer Bottle 660ml,£2.25,£3.41 per litre,Buy 3 for £5,In stock
Corona Extra Premium Lager Beer bottles 12 x 330ml,£9.99,£2.53 per litre,"Offer price £9.99, was £12.50",In stock
Foster's Lager Beer Cans 18 x 440ml,£12,£1.52 per litre,"Offer price £12, was £14",In stock
San Miguel Premium Lager Beer 12 x 330ml,£9,£2.28 per litre,"Offer price £9, was £10",In stock
Birra Moretti Lager Beer Cans 6 x 330ml,£6,£3.03 per litre,Buy 2 for £10,In stock
Heineken Premium Lager Beer Bottles 12 x 330ml,£10,£2.53 per litre,Buy 2 for £16,In stock
Peroni Nastro Azzurro 12 x 330ml,£12,£3.03 per litre,"Offer price £12, was £16.50",In stock
Budweiser Lager Beer Cans 10 x 440ml,£10.50,£2.39 per litre,Buy 2 for £16,In stock
Coors Light 12 x 330ml,£9.75,£2.46 per litre,Buy 2 for £16,In stock
Peroni Nastro Azzurro 620ml,£2.60,£4.19 per litre,Buy 2 for £4,In stock
Stella Artois Premium Lager Beer Bottles 12 x 330ml,£11,£2.78 per litre,Buy 2 for £16,In stock
Heineken Premium Lager Beer Cans 15 x 440ml,£12,18.2p per 100ml,"Offer price £12, was £14",In stock
San Miguel Premium Lager Beer 660ml,£2.25,£3.41 per litre,Buy 3 for £5,In stock
Keo 630ml,£2.25,£3.57 per litre,Buy 3 for £5,In stock
Beck's Blue Alcohol-Free Beer Bottles 15 x 275ml,£6,£1.46 per litre,"Offer price £6, was £8",In stock
Staropramen Premium Czech Lager 660ml,£2.25,£3.41 per litre,Buy 3 for £5,In stock
Sol Original Beer Bottles 12 x 330ml,£10,£2.53 per litre,Buy 2 for £16,In stock
Kronenbourg 1664 Lager Beer Bottles 12 x 275ml,£10,£3.03 per litre,Buy 2 for £16,In stock
Coors Light 15 x 440ml,£9.99,£1.51 per litre,"Offer price £9.99, was £14",In stock
Desperados Tequila Lager Beer Bottles 12 x 250ml,£9.99,£3.33 per litre,"Offer price £9.99, was £12",In stock
Carlsberg Lager Beer 10 x 440ml,£9.50,£2.16 per litre,Buy 2 for £16,In stock
Cobra Premium Lager 620ml,£2.25,£3.63 per litre,Buy 3 for £5,In stock
Coors Light Lager 10 x 440ml,£10,£2.27 per litre,Buy 2 for £16,In stock
Morrisons Lager 3.5% 4 x 440ml,£2.25,£1.28 per litre,"Offer price £2.25, was £2.35",In stock
Bud Light Lager Beer bottles 12 x 300ml,£9.50,26.4p per 100ml,Buy 2 for £16,In stock
Corona Extra Premium Lager Beer bottles 18 x 330ml,£15,£2.53 per litre,"Offer price £15, was £19",In stock
Tiger Asian Lager Beer Bottle 640ml,£2.25,£3.52 per litre,Buy 3 for £5,In stock
Beck's German Pilsner Beer Bottles 12 x 275ml,£9.50,£2.88 per litre,Buy 2 for £16,In stock
Peroni Nastro Azzurro 4 x 330ml,£6,£4.55 per litre,Buy 2 for £10,In stock
Warsteiner Premium Verum Bottle 660ml,£2.25,£3.41 per litre,Buy 3 for £5,In stock
Budweiser Lager Beer Bottles 12 x 300ml,£10,£2.78 per litre,Buy 2 for £16,In stock
Foster's Lager Beer Cans 10 x 440ml,£9.25,£2.10 per litre,Buy 2 for £16,In stock
Tsingtao Beer Bottle 640ml,£2.25,£3.52 per litre,Buy 3 for £5,In stock
Carling Original Lager 10 x 440ml,£9.25,£2.10 per litre,Buy 2 for £16,In stock
Heineken Premium Lager Beer Bottle 650ml,£2.25,£3.46 per litre,Buy 3 for £5,In stock
Singha Premium Thai Lager 630ml,£2.25,£3.57 per litre,Buy 3 for £5,In stock
Super Bock 660Ml 660ml,£2.25,£3.41 per litre,Buy 3 for £5,In stock
Kingfisher 650ml,£2.25,£3.46 per litre,Buy 3 for £5,In stock
Budweiser Zero Alcohol Free Lager Beer Cans 4 x 330ml,£3,£2.27 per litre,Buy Budweiser & Get Pizza Free - Online Exclusive,In stock
Corona Extra Premium Lager Beer bottles 4 x 330ml,£4,£3.03 per litre,"Offer price £4, was £5",In stock
Pravha Premium Pilsner 660ml,£2.25,£3.41 per litre,Buy 3 for £5,In stock
Amstel Lager Beer Bottles 12 x 300ml,£9.65,£2.68 per litre,Buy 2 for £16,In stock
Kronenbourg 1664 Lager Beer Bottle 660ml,£2.25,£3.41 per litre,Buy 3 for £5,In stock
Birra Moretti Zero Alcohol-Free Beer Bottle 3 x 330ml,£3,£3.03 per litre,"Offer price £3, was £3.50",In stock
Bud Light Lager Beer Cans 4 x 440ml,£3.50,£1.99 per litre,Buy Budweiser & Get Pizza Free - Online Exclusive,In stock
Menabrea Birra 660ml,£2.60,£3.94 per litre,Buy 2 for £4,In stock
Brewdog Punk Ipa 660ml,£2.60,£3.94 per litre,Buy 2 for £5,In stock
Skinny Brands Lager 12 x 330ml,£12,£3.03 per litre,"Offer price £12, was £15 - Online Exclusive",In stock
Budweiser Lager Beer bottle 660ml,£2.25,£3.41 per litre,Buy 3 for £5,In stock
Camden Hells Lager (Abv 4.6%) 4 x 330ml,£5.96,45.2p per 100ml,Buy 2 for £10,In stock
Beck's German Pilsner Beer Bottle 660ml,£2.25,£3.41 per litre,Buy 3 for £5,In stock
Heineken Premium Lager Beer Cans 6 x 330ml,£5.50,£2.78 per litre,Buy 2 for £10,In stock
Brewdog Punk Ipa 330ml,£1.95,£5.91 per litre,Buy 4 for £6,In stock
Kirin Ichiban 500ml,£2.25,£4.50 per litre,Buy 3 for £5,In stock
Corona Extra Premium Lager Beer Cans 6 x 330ml,£6,£3.03 per litre,Buy 2 for £10,In stock
Budweiser Lager Beer Cans 4 x 440ml,£4.50,£2.56 per litre,Buy Budweiser & Get Pizza Free - Online Exclusive,In stock
Brewdog Lost Lager 660ml,£2.60,£3.94 per litre,Buy 2 for £4,In stock
Brooklyn Naranjito Pale Ale Beer 355ml,£1.85,£5.21 per litre,Buy 4 for £6,In stock
Blue Moon Belgian White Belgian-Style Wheat Ale 4 x 330ml,£6,45.5p per 100ml,Buy 2 for £10,Out of stock
Krombacher Pils 660ml,£2.25,£3.41 per litre,Buy 3 for £5,Out of stock
Budweiser Budvar Keg 5L,£14,£2.80 per litre,"Offer price £14, was £16",Out of stock
Peroni Libera 4 x 330ml,£4,£3.03 per litre,"Offer price £4, was £4.50",Out of stock
Stella Artois Premium Lager Beer Cans 18 x 440ml,£14,£1.77 per litre,,In stock
Stella Artois Premium Lager Beer Bottles 20 x 284ml,£9.99,£1.76 per litre,,In stock
Stella Artois Premium Lager Beer Cans 4 x 568ml,£5.50,£2.42 per litre,,In stock
Cobra Premium Beer 12 x 330ml,£9.84,£2.48 per litre,,In stock
Staropramen 12 x 330ml,£9.99,£2.52 per litre,,In stock
Hop House 13 Lager 6 x 330ml,£5.97,£3.02 per litre,,In stock
Stella Artois Premium Lager Beer Cans 4 x 440ml,£4.50,£2.56 per litre,,In stock
Stella Artois Premium Lager Beer Bottle 660ml,£2.25,£3.41 per litre,,In stock
Hop House 13 Lager 650ml,£2.25,£3.46 per litre,,In stock
Korev Cornish Lager 6 x 330ml,£5,£2.53 per litre,,In stock
Gold Label Very Strong Special Beer cans 4 x 330ml,£6,£4.55 per litre,,In stock
Hop House 13 Lager 4 x 330ml,£4.50,£3.41 per litre,,In stock
Cobra Premium Lager 4 x 330ml,£4.60,£3.48 per litre,,In stock
Stella Artois Premium Lager Bottles 4 x 330ml,£4.50,£3.41 per litre,,In stock
Hop House 13 Lager 12 x 330ml,£9.99,£2.52 per litre,,Out of stock
Birra Moretti Lager Beer Bottles 12 x 330ml,£12,£3.03 per litre,,In stock
Biere Continentale Bottles 10 x 25cl,£3,£1.20 per litre,,In stock
Morrisons Premium Lager 4.8% 4 x 440ml,£3.30,£1.88 per litre,,In stock
Erdinger Alkoholfrei 500ml,£1.30,£2.60 per litre,,In stock
San Miguel Premium Lager Beer 10 x 440ml,£11,25p per 100ml,,In stock
Kronenbourg 1664 Lager Beer Cans 10 x 440ml,£11,£2.50 per litre,,In stock
Skol Lager 4 x 440ml,£2.30,£1.31 per litre,,In stock
Estrella Damm 6 x 330ml,£6,£3.03 per litre,,In stock
Bavaria 0.0% Original Alcohol Free Beer 8 x 330ml,£4.25,£1.61 per litre,,In stock
Bavaria Premium Beer 500ml,£1,£2.00 per litre,,In stock
Budweiser Budvar Beer Bottle 500ml,£1.55,£3.10 per litre,,In stock
Carlsberg Export 10 x 440ml,£8,£1.82 per litre,,In stock
Carlsberg Special Brew Lager 4 x 440ml,£7.75,£4.40 per litre,,In stock
Carlsberg Export Lager Beer 4 x 568ml,£5.25,£2.31 per litre,,In stock
St Omer Shandy Bottles 10 x 25cl,£2.50,£1.00 per litre,,In stock
Free Damm (Abv 0%) 6 x 330ml,£4,£2.02 per litre,,In stock
Estrella Damm 12 x 330ml,£13,£3.28 per litre,,In stock
Estrella Damm 660ml,£2.25,£3.41 per litre,,In stock
Pilsner Urquell 500ml,£1.54,£3.08 per litre,,In stock
San Miguel Alcohol Free Lager Beer 4 x 330ml,£3.75,£2.84 per litre,,In stock
San Miguel Premium Lager Beer 4 x 440ml,£4.75,£2.70 per litre,,In stock
Carling Original Lager 4 x 440ml,£3.70,£2.10 per litre,,In stock
Heineken 0.0 Alcohol Free 12 x 330ml,£7,£1.77 per litre,,In stock
Amstel Lager Beer Cans 4 x 440ml,£3.75,£2.13 per litre,,In stock
Holsten Pils Lager Beer 4 x 440ml,£4.35,£2.47 per litre,,In stock
Bavaria Lager Shandy 6 x 330ml,£2.50,£1.26 per litre,,In stock
Foster's Lager Beer Cans 4 x 440ml,£3.75,£2.13 per litre,,In stock
Carlsberg Lager Beer 4 x 568ml,£4.55,£2.00 per litre,,In stock
Stella Artois Alcohol Free Premium Lager Beer Bottles 4 x 330ml,£3.50,£2.65 per litre,,In stock
Budweiser Lager Beer Bottles 6 x 300ml,£5.57,£3.09 per litre,,In stock
Tyskie (Abv 5%) 4 x 500ml,£5,£2.50 per litre,,In stock
Birra Moretti Lager Beer Bottles 4 x 330ml,£5,£3.79 per litre,,In stock
Beck's Blue Alcohol-Free Beer Bottles 6 x 275ml,£3.50,£2.12 per litre,,In stock
Kronenbourg 1664 Lager Beer Cans 4 x 440ml,£4.75,£2.70 per litre,,In stock
Desperados Tequila Lager Beer Bottles 3 x 330ml,£4.62,£4.67 per litre,,In stock
Budweiser Lager Beer Cans 15 x 440ml,£14.85,£2.25 per litre,,In stock
St Austell Brewery Korev Cornish Lager (Abv 4.8%) 500ml,£1.75,35p per 100ml,,In stock
Bavaria 0.0% Original Beer 4 x 330ml,£2.25,£1.70 per litre,,In stock
King Cobra Premium Beer 750ml,£4.50,£6.00 per litre,,In stock
Amstel Premium Lager 650ml,£1.50,£2.31 per litre,,In stock
Asahi Super Dry 4 x 330ml,£3.50,£2.65 per litre,,In stock
San Miguel Premium Lager Beer 4 x 330ml,£4.60,£3.48 per litre,,In stock
Coors Light Lager 4 x 440ml,£3.80,£2.16 per litre,,In stock
Desperados Tequila Lager Beer Bottle 650ml,£2.75,£4.23 per litre,,In stock
Innis & Gunn Lager Beer (Abv 4.6%) 660ml,£1.95,29.5p per 100ml,,In stock
Skinny Brands Lager (Abv 4%) 4 x 330ml,£5,37.9p per 100ml,,In stock
Estrella Damm 4 x 330ml,£4.50,£3.41 per litre,,In stock
Peroni Nastro Azzurro 6 x 330ml,£8,£4.04 per litre,,In stock
Beck's German Pilsner Beer Bottles 6 x 275ml,£5.25,£3.18 per litre,,In stock
Tyskie (Abv 5%) 500ml,£1.50,30p per 100ml,,In stock
Heineken Premium Lager Beer Bottles 4 x 330ml,£4,£3.03 per litre,,In stock
Peroni Nastro Azzurro 24 x 330ml,£32,£4.04 per litre,,In stock
Sol Original 650ml,£1.50,£2.31 per litre,,In stock
Peroni Nastro Azzurro 24 x 330ml,£30,£3.79 per litre,,In stock
Goose Island Golden Goose Lager Beer Cans 4 x 440ml,£6,£3.41 per litre,,In stock
Coors Light Lager 6 x 330ml,£5.25,£2.65 per litre,,In stock
Budweiser Lager Beer Bottles 15 x 300ml,£12,£2.67 per litre,,In stock
Heineken Premium Lager Beer Cans 4 x 440ml,£4.50,25.6p per 100ml,,In stock
Duralex Conical Pint Tumbler ,£2.50,£2.50 each,,In stock
Goose Island Variety Pack 8 x 330ml,£11.50,£4.36 per litre,,In stock
Camden Hells Lager (Abv 4.6%) 12 x 330ml,£16.94,42.8p per 100ml,,Out of stock
Michelob Ultra Superior Light Lager Beer Bottles 12 x 330ml,£11,£2.78 per litre,,Out of stock
Corona Extra Premium Lager Beer Cans 10 x 330ml,£7.99,£2.42 per litre,,Out of stock
Heineken Premium Lager Beer Cans 4 x 568ml,£5.50,£2.42 per litre,,Out of stock
